<record><leader>01487cam a2200325oi 45 0</leader><controlfield tag="001">6802173</controlfield><controlfield tag="005">20141229111306.0</controlfield><controlfield tag="008">141219s2015    paua     b    000 0 eng  </controlfield><datafield ind1=" " ind2=" " tag="010"><subfield code="a">  2014048148</subfield></datafield><datafield ind1=" " ind2=" " tag="020"><subfield code="a">9781628250688 (pbk. : alk. paper)</subfield></datafield><datafield ind1=" " ind2=" " tag="020"><subfield code="a">1628250682 (pbk. : alk. paper)</subfield></datafield><datafield ind1=" " ind2=" " tag="040"><subfield code="a">DLC</subfield><subfield code="b">eng</subfield><subfield code="e">rda</subfield><subfield code="c">DLC</subfield><subfield code="d">AOAC</subfield></datafield><datafield ind1=" " ind2=" " tag="042"><subfield code="a">pcc</subfield></datafield><datafield ind1="0" ind2="0" tag="050"><subfield code="a">HD69.P75</subfield><subfield code="b">E944 2015</subfield></datafield><datafield ind1="0" ind2="0" tag="082"><subfield code="a">658.4/04</subfield><subfield code="2">23</subfield></datafield><datafield ind1=" " ind2=" " tag="090"><subfield code="a">HD 69 P75 E965 2015</subfield><subfield code="b">AOAC</subfield></datafield><datafield ind1="0" ind2="4" tag="245"><subfield code="a">The evolution of maturity of PM /</subfield><subfield code="c">edited by David I.Cleland, PhD, Bopaya Bidanda, PhD.</subfield></datafield><datafield ind1=" " ind2="1" tag="264"><subfield code="a">Newtown Square, Pennsylvania :</subfield><subfield code="b">Project Management Institute,</subfield><subfield code="c">2015.</subfield></datafield><datafield ind1=" " ind2=" " tag="300"><subfield code="a">iv, 99 pages :</subfield><subfield code="b">illustrations (charts) ;</subfield><subfield code="c">28 cm.</subfield></datafield><datafield ind1=" " ind2=" " tag="336"><subfield code="a">text</subfield><subfield code="2">rdacontent</subfield></datafield><datafield ind1=" " ind2=" " tag="337"><subfield code="a">unmediated</subfield><subfield code="2">rdamedia</subfield></datafield><datafield ind1=" " ind2=" " tag="338"><subfield code="a">volume</subfield><subfield code="2">rdacarrier</subfield></datafield><datafield ind1=" " ind2=" " tag="504"><subfield code="a">Includes bibliographical references.</subfield></datafield><datafield ind1="0" ind2=" " tag="505"><subfield code="a">Historical summary of the practice of project management -- The evolution of project management organizations -- Evolution of project management metrics -- A history of project leadership -- A history of project motivation -- Project selection techniques in project management -- The evolution of project monitoring techniques -- The likely future of project management.</subfield></datafield><datafield ind1=" " ind2="0" tag="650"><subfield code="a">Project management.</subfield></datafield><datafield ind1=" " ind2="0" tag="650"><subfield code="a">Leadership.</subfield></datafield><datafield ind1="1" ind2=" " tag="700"><subfield code="a">Cleland, David I.,</subfield><subfield code="e">editor.</subfield></datafield><datafield ind1="1" ind2=" " tag="700"><subfield code="a">Bidanda, Bopaya,</subfield><subfield code="e">editor.</subfield></datafield><datafield ind1=" " ind2=" " tag="596"><subfield code="a">33</subfield></datafield><datafield ind1=" " ind2=" " tag="926"><subfield code="a">HD 69 P75 E965 2015</subfield><subfield code="w">LC</subfield><subfield code="c">1</subfield><subfield code="i">0164000902365</subfield><subfield code="l">ON_SHELF</subfield><subfield code="m">OLDS</subfield><subfield code="r">Y</subfield><subfield code="s">Y</subfield><subfield code="t">BOOK</subfield><subfield code="u">2/10/2015</subfield></datafield></record>